<record><leader>00000cas a22000007a 4500</leader><controlfield tag="001">13826016</controlfield><controlfield tag="008">860707d19611985mtuwr ne      0    0eng d</controlfield><datafield ind1=" " ind2=" " tag="010"><subfield code="a">sn 86075254 </subfield></datafield><datafield ind1=" " ind2=" " tag="040"><subfield code="a">MTL</subfield><subfield code="b">eng</subfield><subfield code="c">MTL</subfield><subfield code="d">OCLCO</subfield></datafield><datafield ind1="1" ind2=" " tag="029"><subfield code="a">AU@</subfield><subfield code="b">000025803463</subfield></datafield><datafield ind1=" " ind2=" " tag="042"><subfield code="a">msc</subfield></datafield><datafield ind1="0" ind2=" " tag="130"><subfield code="a">Montana Catholic register (Eastern ed.)</subfield></datafield><datafield ind1="0" ind2="0" tag="245"><subfield code="a">Montana Catholic register.</subfield></datafield><datafield ind1="0" ind2="0" tag="246"><subfield code="a">Catholic register</subfield></datafield><datafield ind1=" " ind2=" " tag="250"><subfield code="a">Eastern ed.</subfield></datafield><datafield ind1=" " ind2=" " tag="260"><subfield code="a">Denver, Colo. :</subfield><subfield code="b">Catholic Press Society,</subfield><subfield code="c">1961-1985.</subfield></datafield><datafield ind1=" " ind2=" " tag="300"><subfield code="a">24 v. :</subfield><subfield code="b">ill. ;</subfield><subfield code="c">   cm.</subfield></datafield><datafield ind1=" " ind2=" " tag="310"><subfield code="a">Weekly</subfield></datafield><datafield ind1="0" ind2=" " tag="362"><subfield code="a">Vol. 37, no. 1 (Jan. 4, 1961)-v. 60, no. 12 (Mar. 24, 1985).</subfield></datafield><datafield ind1=" " ind2=" " tag="500"><subfield code="a">"Official Publication of the Diocese of Great Falls."</subfield></datafield><datafield ind1=" " ind2=" " tag="500"><subfield code="a">Publisher varies.</subfield></datafield><datafield ind1=" " ind2=" " tag="500"><subfield code="a">Place of publication varies: Denver, Colo.; Sidney, Neb.,   -Oct. 1979; Livingston, Mont., Nov. 6-13, 1979; Great Falls, Mont., Nov. 20, 1979-Mar. 24, 1985.</subfield></datafield><datafield ind1="2" ind2=" " tag="710"><subfield code="a">Catholic Church.</subfield><subfield code="b">Diocese of Great Falls (Mont.)</subfield></datafield><datafield ind1=" " ind2=" " tag="752"><subfield code="a">United States</subfield><subfield code="b">Montana</subfield><subfield code="c">Cascade</subfield><subfield code="d">Great Falls.</subfield></datafield><datafield ind1="0" ind2="0" tag="780"><subfield code="t">Eastern Montana Catholic register</subfield><subfield code="w">(DLC)sn 86075255</subfield></datafield></record>